@online{Adaf,
	author = {Adafruit},
	title = {Raspberry Pi},
	url = {https://www.adafruit.com/category/105},
}
@article{Al-Kuwari2011,
	author = {{Ali Mohammed} Al-Kuwari and Cesar Ortega-Sanchez and Atif Sharif and Vidyasagar Potdar},
	title = {User Friendly Smart Home Infrastructure: BeeHouse},
	journaltitle = {IEEE},
	year = {2011},
}
@online{Ardu,
	author = {Arduino.cl},
	title = {¿Qué es arduino?},
	url = {http://arduino.cl/que-es-arduino/},
}
@online{LM386,
	author = {Texas Instrument},
	title = {LM386 Low Voltage Audio Power Amplifier},
	url = {http://www.ti.com/lit/ds/symlink/lm386.pdf},
}
@article{Asthon2009,
	author = {Kevin Ashton},
	title = {That 'Internet of Things' Thing},
	journaltitle = {RFID Journal},
	year = {2009},
}
@article{Behan2013,
	author = {Miroslav Behan and Ondrej Krejcar},
	title = {Vision of Smart Home Point Solution as Sustainable Intelligent House Concept},
	journaltitle = {IFAC},
	year = {2013},
}
@article{Bondarev2017,
	author = {Sergey E. Bondarev and Andrey S. Prokhorov},
	title = {Analysis of Internal Threats of the System ``Smart Home'' and Assessment of Ways to Prevent Them},
	journaltitle = {IEEE},
	year = {2017},
}
@article{Cheuque2015,
	author = {César Cheuque and Felipe Baeza and Gastón Márquez and Juan Calderón},
	title = {Towards to responsive Web Services for Smart Home LED control with Raspberry Pi. A first approach},
	journaltitle = {IEEE},
	year = {2015},
}
@article{Datta2014,
	author = {N. Datta and T. Masud and R. Arefm and A. A. Rimon and M. S. Rahman and B. B. Pathik},
	title = {Designing and  Implementation  of an Application Based Electrical  Circuit for  Smart Home Application},
	journaltitle = {IEEE},
	year = {2014},
}
@article{Deshmukh2016,
	author = {Ashwini Deshmukh and K.B.Khanchandani},
	title = {Designing and  Implementation  of an Application Based Electrical  Circuit for  Smart Home Application},
	journaltitle = {IJESRT},
	year = {2016},
}
@inbook{Gross1998,
	author = {Mark D. Gross},
	title = {Smart House And Home Automation Technologies},
	booktitle = {Encyclopedia of Housing},
	year= {1998},
}
@article{Hamed2012,
	author = {Basil Hamed},
	title = {Design \& Implementation of Smart House Control Using LabVIEW},
	journaltitle = {IJSCE},
	year = {2012},
}
@article{Howedi2016,
	author = {Aadel Howedi and Ali Jwaid},
	title = {Design and Implementation Prototype of a Smart House System at Low Cost and Multi-Functional},
	journaltitle = {IEEE},
	year = {2016},
}
@article{Kaneko2017,
	author = {Masayuki Kaneko and Kazuki Arima and Takashi Murakami and Masao Isshiki and Hiroshi Sugimura},
	title = {Design and Implementation of Interactive Control System for Smart Houses},
	journaltitle = {IEEE},
	year = {2017},
}
@article{Kasmi2016,
	author = {Mahdi Kasmi and Faouzi Bahloul and Haykel Tkitek},
	title = {Smart home based on Internet of Things and Cloud Computing},
	journaltitle = {IEEE},
	year = {2016},
}
@article{Kusriyanto2015,
	author = {Medilla Kusriyanto and Beny Setiawan},
	title = {Android Smart Home System Based on ATmega16},
	journaltitle = {ICICI-BME},
	year = {2015},
}
@article{Kusriyanto2016,
	author = {Medilla Kusriyanto and Bambang Dwi Putra},
	title = {Smart Home Using Local Area Network  (LAN) Based Arduino Mega 2560},
	journaltitle = {IEEE},
	year = {2016},
}
@article{Liu2006,
	author = {Yuansheng Liu},
	title = {Design of the Smart Home based on embedded system},
	journaltitle = {IEEE},
	year = {2016},
}
@article{Owada2012,
	author = {Shigeru Owada and Fumiaki Tokuhisa},
	title = {Kadecot: HTML5-based Visual Novels Development System for Smart Homes},
	journaltitle = {IEEE},
	year = {2012},
}
@article{Patricio2009,
	author = {Gustavo Patrício and Luís Gomes},
	title = {Smart House monitoring and actuating system development using automatic code generation},
	journaltitle = {IEEE},
	year = {2009},
}
@article{Rajabzadeh2010,
	author = {Amir Rajabzadeh and Ali Reza Manashty and Zahra Forootan Jahromi},
	title = {A Mobile Application for Smart House Remote Control System},
	journaltitle = {IEEE},
	year = {2010},
}
@online{Rasp,
	author = {RaspberryPi},
	title = {What is a Raspberry Pi?},
	url = {https://www.raspberrypi.org/help/faqs/\#introWhatIs},
}
@article{Sysala2016,
	author = {Tomas Sysala and Martin Pospichal and Petr Neumann},
	title = {Monitoring and Control System for a Smart Family House Controlled via Programmable Controller},
	journaltitle = {IEEE},
	year = {2016},
}
@article{Tang2017,
	author = {Samuel Tang and Vineetha Kalavally and Kok Yew Ng and Jussi Parkkinen},
	title = {Development of a prototype smart home intelligent lighting control architecture using sensors onboard a mobile computing system},
	journaltitle = {Energy and Buildings},
	year = {2017},
}
@online{TechT2017,
	author = {TechTarget},
	title = {Internet de las cosas (IoT)},
	year = {2017},
	url = {http://searchdatacenter.techtarget.com/es/definicion/Internet-de-las-cosas-IoT},
}
@article{Trinchero2011,
	author = {D. Trinchero and R. Stefanelli and D. Brunazzi and A. Casalegno and M. Durando and A. Galardini},
	title = {Integration of Smart House Sensors into a Fully Networked (Web) Environment},
	journaltitle = {IEEE},
	year = {2011},
}
@article{Tseng2014,
	author = {Shih-Pang Tseng and Bo-Rong Li and Jun-Long Pan amd Chia-Ju Lin},
	title = {An Application of Internet of Things with Motion Sensing on Smart House},
	journaltitle = {IEEE},
	year = {2014},
}
@article{Vannguyen2009,
	author = {Tam {Van Nguyen} and Jin {Gook Kim} and Deokjai Choi},
	title = {ISS: The Interactive Smart Home Simulator},
	journaltitle = {IEEE},
	year = {2009},
}
@article{Vasilateanu2016,
	author = {Andrei Vasilateanu and Ioan {Andrei Popescu} and Alexandra {Silvia Cergan} and Nicolae Goga},
	title = {Smart Home Simulation System},
	journaltitle = {IEEE},
	year = {2016},
}
@article{Verma2016,
	author = {Himanshu Verma and Madhu Jain and KhushhaliGoel and Aditya Vikram and Gaurav Verma},
	title = {Smart Home System Based on Internet if Things},
	journaltitle = {IEEE},
	year = {2016},
}
@article{Walek2014,
	author = {Bogdan Walek and Jaroslav Zacek and Michal Janosek and Radim Farana},
	title = {Adaptive Fuzzy Control of Thermal Comfort in Smart Houses},
	journaltitle = {IEEE},
	year = {2014},
}
@article{Zhai2011,
	author = {Yanni Zhai and Xiaodong Cheng},
	title = {Design of Smart Home Remote Monitoring System Based on Embedded System},
	journaltitle = {IEEE},
	year = {2011},
}
@online{IOE,
	author = {Margaret Rouse},
	title = {Internet de Todo (IoE)},
	year = {2017},
	url = {searchdatacenter.techtarget.com/es/definicion/Internet-de-todo-IoE},
}
@online{PIC,
	author = {Wikipedia},
	title = {Microcontrolador PIC},
	year = {2017},
	url = {https://es.wikipedia.org/wiki/Microcontrolador_PIC},
}
@online{ZB,
	author = {Zigbee},
	title = {What is Zigbee?},
	year = {2017},
	url = {http://www.zigbee.org/what-is-zigbee/},
}
@online{VB,
	author = {Universidad Nacional Autonoma de Mexico},
	title = {Lenguaje de programación Visual Basic .NET},
	year = {2009},
	url = {http://cursosenlinea.tic.unam.mx/cursos/Lenguaje_de_programacion_VISUAL_BASIC_.NET.htm},
}
@online{HTML5,
	author = {Mozilla},
	title = {HTML5},
	year = {2017},
	url = {https://developer.mozilla.org/es/docs/HTML/HTML5},
}
@book{Moha,
	author = {P. K. J. Mohapatra},
	title = {Software Engineering},
	year = {2009},
}
@online{IdT,
	author = {Cisco Networking Academy ®},
	title = {Curso Introducción a Internet de todo},
	year = {2017},
}
@online{EW32,
	author = {Espressif Systems},
	title = {ESP-WROOM-32 Datasheet},
	year = {2018},
	url = {https://www.espressif.com/sites/default/files/documentation/esp-wroom-32_datasheet_en.pdf},
}
@book{SO,
	author = {Andrew S. Tanenbaum},
	title = {Sistemas Operativos Modernos},
	year = {2009},
	edition = {3ra},
}
@online{Hero,
	author = {Heroku Inc.},
	title = {The Heroku Platform},
	year = {2018},
	url = {https://www.heroku.com/platform},
}
@online{Lara,
	author = {Laravel},
	title = {Laravel Philosophy},
	year = {2013},
	url = {https://web.archive.org/web/20130929055257/http://laravel.com/docs/introduction},
}
@online{HTTP,
	author = {MDN web docs Mozilla},
	title = {HTTP},
	year = {2018},
	url = {https://developer.mozilla.org/en-US/docs/Web/HTTP},
}
@online{HTTPM,
	author = {MDN web docs mozilla},
	title = {HTTP request methods},
	year = {2018},
	url = {https://developer.mozilla.org/en-US/docs/Web/HTTP/Methods},
}
@online{JSON,
	author = {JSON.org},
	title = {Introducción a JSON},
	url = {https://json.org/json-es.html},
}
@online{ESPIMG,
	author = {Electrodragon},
	title = {ESP-WROOM-32},
	url = {http://www.electrodragon.com/product/wroom-32/},
}
@book{CEKIT,
	author = {CEKIT},
	title = {Curso práctico de Electrónica Inductrial y Automatización},
	year = {2001},
}
@online{GY30,
	author = {AMGkits},
	title = {Sensor de intensidad óptica (sensor de luz) GY-30 BH1750FVI},
	url = {https://www.amgkits.com/home/113-sensor-de-intensidad-optica-sensor-de-luz-gy-30-bh1750fvi.html},
}
@online{DHT11,
	author = {ElectroniLab},
	title = {Sensor de Temperatura y Humedad DHT11},
	url = {https://electronilab.co/tienda/sensor-de-temperatura-y-humedad-dht11/},
}
@online{MQ2,
	author = {Geekbot Electronics},
	title = {MQ-135 Módulo Sensor de Calidad del Aire},
	url = {http://www.geekbotelectronics.com/producto/mq-135-modulo-sensor-de-calidad-del-aire/},
}
@online{MQ1,
	author = {Naylamp Mechatronics},
	title = {Tutorial sensores de gas MQ2, MQ3, MQ7 y MQ135},
	url = {http://www.naylampmechatronics.com/blog/42_Tutorial-sensores-de-gas-MQ2-MQ3-MQ7-y-MQ13.html},
}
@online{LLU,
	author = {Antony Garcia Gonzales},
	title = {Módulo YL-83: Un detector de lluvia},
	year = {2014},
	url = {http://panamahitek.com/modulo-yl-83-un-detector-de-lluvia/},
}
@online{PIR2,
	author = {Punto Flotante S.A.},
	title = {Pruebas al módulo sensor pasivo infrarrojo PIR HC-SR501. Sensor de movimiento (body motion).},
	url = {https://puntoflotante.net/MODULO-SENSOR-PASIVO-INFRARROJO-PIR-HC-SR501.htm},
}
@online{PIR1,
	author = {Naylamp Mechatronics},
	title = {Módulo PIR HC-SR501},
	url = {http://www.naylampmechatronics.com/sensores-proximidad/55-modulo-de-deteccion-pir-hc-sr501.html},
}
@online{Cor,
	author = {Greenfacts},
	title = {Corriente alterna y corriente continua},
	url = {https://www.greenfacts.org/es/glosario/abc/corriente-alterna.htm},
}
@online{ES,
	author = {Espressif Systems},
	title = {ESP-IDF Programming Guide},
	url = {http://esp-idf.readthedocs.io/en/latest},
}
@online{DCDC,
	author = {Indiamart},
	title = {SunRobotics DC DC Step Up Boost Power Module},
	url = {https://www.indiamart.com/proddetail/sunrobotics-dc-dc-step-up-boost-power-module-15461229962.html},
}
@online{TRIAC,
	author = {Picclick},
	title = {BTA26-600B Triac 600V 25A},
	url = {https://picclick.com/5-PCS-BTA26-600-BTA26-600BRG-BTA26-600B-Triac-600V-251064161969.html},
}
@online{DC0,
	author = {platea pntic},
	title = {DISPARADORES DE SCHMITT},
	url = {http://platea.pntic.mec.es/~lmarti2/veloraton/disparadores.htm},
}
@online{IRL,
	author = {International Rectifier},
	title = {IRLZ44N},
	url = {http://www.irf.com/product-info/datasheets/data/irlz44n.pdf},
}
@online{Prot1,
	author = {Labcenter Electronics Ltd},
	title = {Proteus Design Suite},
	url = {https://www.labcenter.com/},
}

@online{Prot2,
	author = {Geeky Theory},
	title = {¿Qué es Proteus?},
	url = {https://geekytheory.com/simular-arduino-con-proteus},
}

@online{DB,
	author = {Damián Pérez Valdés},
	title = {¿Qué son las bases de datos?},
	year = {2007},
	url = {%http://www.maestrosdelweb.com/que-son-las-bases-de-datos/},
}
@online{PWM,
	author = {Enrique Gómez},
	title = {Qué es PWM y para qué sirve},
	year = {2017},
	url = {https://www.rinconingenieril.es/que-es-pwm-y-para-que-sirve/},
}
@online{I2C,
	author = {HETPRO},
	title = {
	I2C – Puerto, Introducción, trama y protocolo},
	year = {2017},
	url = {https://hetpro-store.com/TUTORIALES/i2c/},
}
@online{MVC1,
	author = {Juan Pavón Mestras},
	title = {Estructura de las Aplicaciones Orientadas a Objetos
	El patrón Modelo-Vista-Controlador (MVC)},
	year = {2009},
	url = {https://www.fdi.ucm.es/profesor/jpavon/poo/2.14.MVC.pdf},
}
@online{MVC2,
	author = {Universidad de Alicante},
	title = {Modelo vista controlador (MVC)},
	url = {https://si.ua.es/es/documentacion/asp-net-mvc-3/1-dia/modelo-vista-controlador-mvc.html},
}
@book{Eloq,
	author = {Richos},
	title = {Libro Laravel 5 Conceptos básicos y ejemplos},
	year = {2016},
	url = {https://richos.gitbooks.io/laravel-5/},
}
@online{PB,
	author = {Universidad de Sevilla},
	title = {Técnicas de 
	evluación 
	Dinámica},
	url = {http://www.lsi.us.es/docencia/get.php?id=361},
}
@online{lik,
	author = {BPO Centro de Comercio},
	title = {LA ESCALA DE LIKERT: QUÉ ES Y CÓMO UTILIZARLA},
	year = {2016},
	url = {http://bpocentrodecomercio.blogspot.com/2016/07/la-escala-de-likert-que-es-y-como.html},
}

@online{PicSH,
	author = {TechTarget},
	title = {smart home or building (home automation or domotics) },
	year = {2018},
	url = {https://internetofthingsagenda.techtarget.com/definition/smart-home-or-building},
}
